<record><leader>00000cas a22000007a 4500</leader><controlfield tag="001">9750454</controlfield><controlfield tag="008">830728d184219uunyuwr ne      0    0eng d</controlfield><datafield ind1=" " ind2=" " tag="010"><subfield code="a">sn 83031026 </subfield></datafield><datafield ind1=" " ind2=" " tag="040"><subfield code="a">NPU</subfield><subfield code="b">eng</subfield><subfield code="c">NPU</subfield><subfield code="d">DLC</subfield><subfield code="d">NPX</subfield><subfield code="d">NYG</subfield><subfield code="d">NYS</subfield><subfield code="d">OCL</subfield><subfield code="d">WIH</subfield><subfield code="d">OCLCF</subfield></datafield><datafield ind1="1" ind2=" " tag="029"><subfield code="a">AU@</subfield><subfield code="b">000025829977</subfield></datafield><datafield ind1=" " ind2=" " tag="042"><subfield code="a">msc</subfield></datafield><datafield ind1="0" ind2="0" tag="050"><subfield code="a">Newspaper 8829-X</subfield></datafield><datafield ind1="0" ind2="0" tag="245"><subfield code="a">Fishkill standard.</subfield></datafield><datafield ind1=" " ind2=" " tag="260"><subfield code="a">Fishkill Landing, N.Y. :</subfield><subfield code="b">W.R. Addington,</subfield><subfield code="c">1842-</subfield></datafield><datafield ind1=" " ind2=" " tag="300"><subfield code="a">v. ;</subfield><subfield code="c">61 cm.</subfield></datafield><datafield ind1=" " ind2=" " tag="310"><subfield code="a">Weekly</subfield></datafield><datafield ind1="0" ind2=" " tag="362"><subfield code="a">Vol. 1, no. 1 (Aug. 2, 1842)-    = Whole no. 1-</subfield></datafield><datafield ind1=" " ind2=" " tag="500"><subfield code="a">Editors: C.B. Webster, &lt;1860&gt;; John W. Spaight, &lt;1867-1876&gt;.</subfield></datafield><datafield ind1=" " ind2=" " tag="500"><subfield code="a">Publishers: C.B. Webster, &lt;1860&gt;; John W. Spaight, &lt;1867-1892&gt;.</subfield></datafield><datafield ind1=" " ind2=" " tag="500"><subfield code="a">Proprietor: James E. Member, &lt;1867-1876&gt;.</subfield></datafield><datafield ind1=" " ind2=" " tag="500"><subfield code="a">"Republican," &lt;1860&gt;.</subfield></datafield><datafield ind1=" " ind2=" " tag="500"><subfield code="a">Beacon was formed by the union of Fishkill Landing and Matteawan in 1913.</subfield></datafield><datafield ind1=" " ind2="0" tag="651"><subfield code="a">Fishkill Landing (N.Y.)</subfield><subfield code="v">Newspapers.</subfield></datafield><datafield ind1=" " ind2="0" tag="651"><subfield code="a">Beacon (N.Y.)</subfield><subfield code="v">Newspapers.</subfield></datafield><datafield ind1=" " ind2="7" tag="655"><subfield code="a">Newspapers.</subfield><subfield code="2">fast</subfield><subfield code="0">(OCoLC)fst01423814</subfield></datafield><datafield ind1=" " ind2="7" tag="651"><subfield code="a">New York (State)</subfield><subfield code="z">Beacon.</subfield><subfield code="2">fast</subfield><subfield code="0">(OCoLC)fst01219331</subfield></datafield><datafield ind1=" " ind2="7" tag="651"><subfield code="a">New York (State)</subfield><subfield code="z">Fishkill Landing.</subfield><subfield code="2">fast</subfield><subfield code="0">(OCoLC)fst01871373</subfield></datafield><datafield ind1=" " ind2=" " tag="752"><subfield code="a">United States</subfield><subfield code="b">New York</subfield><subfield code="c">Dutchess</subfield><subfield code="d">Fishkill Landing.</subfield></datafield><datafield ind1=" " ind2=" " tag="752"><subfield code="a">United States</subfield><subfield code="b">New York</subfield><subfield code="c">Dutchess</subfield><subfield code="d">Beacon.</subfield></datafield><datafield ind1="0" ind2="0" tag="785"><subfield code="t">Standard (Fishkill, N.Y.)</subfield><subfield code="w">(DLC)sn 88075690</subfield><subfield code="w">(OCoLC)17886229</subfield></datafield><datafield ind1=" " ind2=" " tag="936"><subfield code="a">Vol. 80, no. 21 (Dec. 31, 1921) LIC</subfield></datafield></record>